<?xml version="1.0" encoding="UTF-8"?><collection xmlns="http://www.loc.gov/MARC21/slim"><record><leader>00529nam--2200157-u-4500</leader><controlfield tag="001">000056332</controlfield><controlfield tag="002">20161230</controlfield><controlfield tag="005">20161230201052</controlfield><controlfield tag="008">150706s1000------------r-----000-0-eng-d</controlfield><datafield ind1=" " ind2=" " tag="040"><subfield code="a">IFIN-HH</subfield></datafield><datafield ind1="1" ind2=" " tag="100"><subfield code="a">Peculea, Marius Sabin</subfield></datafield><datafield ind1="1" ind2="0" tag="245"><subfield code="a">Drumul cercetarii tehnologice catre societate. discurs de receptie rostit la 17 aprilie 2013</subfield><subfield code="b">Cuvant de raspuns: prof.univ.em.dr.ing valeriu jinescu</subfield><subfield code="c">Marius sabin peculea</subfield></datafield><datafield ind1=" " ind2=" " tag="260"><subfield code="a">Bucuresti</subfield><subfield code="b">Editura Agir</subfield><subfield code="c">2013</subfield></datafield><datafield ind1=" " ind2=" " tag="300"><subfield code="a">34P</subfield></datafield><datafield ind1=" " ind2=" " tag="852"><subfield code="a">82409</subfield><subfield code="c">547</subfield></datafield><datafield ind1=" " ind2=" " tag="CAT"><subfield code="a">Sys</subfield><subfield code="c">20150709</subfield><subfield code="h">085253</subfield></datafield></record></collection>